<?xml version="1.0" encoding="UTF-8"?><collection xmlns="http://www.loc.gov/MARC21/slim"><record><leader>00316nam--2200133-i-4500</leader><controlfield tag="001">000006046</controlfield><controlfield tag="002">20161230</controlfield><controlfield tag="005">20161230201026</controlfield><controlfield tag="008">060222s1000------------r-----000-0-eng-d</controlfield><datafield ind1=" " ind2=" " tag="080"><subfield code="a">532</subfield></datafield><datafield ind1=" " ind2=" " tag="100"><subfield code="a">Frenkel, J</subfield></datafield><datafield ind1=" " ind2=" " tag="245"><subfield code="a">Kinetic theory of liquids</subfield></datafield><datafield ind1=" " ind2=" " tag="260"><subfield code="a">New York, Dower Publ./1955/. Xi + 488 P</subfield></datafield><datafield ind1=" " ind2=" " tag="852"><subfield code="a">80615</subfield></datafield></record></collection>